@misc{Sinesy,
	author = {Sinesy S.R.L},
	howpublished = "\url{http://www.sinesy.it}",
	year = {2020}
}

@misc{Android,
	author = {Android Studio 3.0},
	howpublished = "\url{https://developer.android.com/studio}",
	year = {2020}
}

@misc{Espresso,
	author = {Espresso UI framework},
	howpublished = "\url{https://developer.android.com/training/testing/espresso}",
	year = {2020}
}

@misc{UIAutomator,
	author = {UIAutomator framework},
	howpublished = "\url{https://developer.android.com/training/testing/ui-automator.html}",
	year = {2020}
}



@article{TestDiffusi,
	author = {Lämsä, Tomi},
	year = {2017},
	month = {06},
	pages = {105},
	title = {Comparison of GUI testing tools for Android applications},
	volume = {72},
}




@article{Test,
	author = {Brajnik, Giorgio and Giachin, Cristina},
	year = {2013},
	month = {01},
	pages = {},
	title = {Using sketches and storyboards to assess impact of age difference in user experience},
	volume = {72},
	journal = {International Journal of Human-Computer Studies},
	doi = {10.1016/j.ijhcs.2013.12.005}
}

@techreport{ISO9241210,
	type = {Standard},
	key = {ISO 9241-210:2010},
	month = mar,
	year = {2010},
	title = {{Ergonomics of human-system interaction — Part 210: Human-centred design for interactive systems}},
	institution = {International Organization for Standardization}
}

@techreport{ISO9241,
	type = {Standard},
	key = {ISO 9241-11:2018(en)},
	year = {2018},
	title = {{Ergonomics of human-system interaction — Part 11: Usability: Definitions and concepts}},
	institution = {International Organization for Standardization}
}

@misc{Material,
	author = {Design guidance and code},
	howpublished = "\url{https://material.io/}",
	year = {2020}
}

@techreport{architettura,
	type = {Standard},
	key = {IEEE/ANSI 1471-2000},
	year = {2000},
	title = {{IEEE Recommended Practice for Architectural Description for Software-Intensive Systems}},
	institution = {Institute of Electrical and Electronics Engineers}
}

@book{solid,
	title = {Agile Software Development: Principles, Patterns and Practices, Pearson Education, 2002, ISBN 0-13-597444-5.},
	author = {Robert Cecil Martin},
	bibsource = {DBLP, http://dblp.uni-trier.de}
}

@book{observer,
	title = {Design Patterns: Elements of Reusable Object-Oriented Software},
	author = {Erich Gamma, Richard Helm, Ralph Johnson e John Vlissides},
	publisher = {Addison-Wesley},
	year = "1995"
}
@book{singleton,
	author = {Gamma, Erich and Helm, Richard and Johnson, Ralph and Vlissides, John},
	title = {Design Patterns: Elements of Reusable Object-Oriented Software},
	year = {1995},
	isbn = {0201633612},
	publisher = {Addison-Wesley Longman Publishing Co., Inc.},
	address = {USA}
}

@misc{Room,
	author = {Room Persistence Library},
	howpublished = "\url{https://developer.android.com/topic/libraries/architecture/room}",
	year = {2020}
}


@misc{annotazioni,
	author = {Improve code inspection with annotations},
	howpublished = "\url{https://developer.android.com/studio/write/annotations.html}",
	year = {2020}
}

@www{http,
	added-at = {2010-01-07T13:57:09.000+0100},
	author = {Fielding, R. and Gettys, J. and Mogul, J. and Frystyk, H. and Masinter, L. and Leach, P. and Berners-Lee, T.},
	bdsk-url-1 = {http://www.ietf.org/rfc/rfc2616.txt},
	biburl = {https://www.bibsonomy.org/bibtex/23450b865e6a28f0480d839b83706de64/syslogd},
	date-added = {2009-12-14 13:34:43 +0100},
	date-modified = {2010-01-04 09:30:08 +0100},
	interhash = {ea213e32619512cfc4bdeb5d92daf5e4},
	intrahash = {3450b865e6a28f0480d839b83706de64},
	journal = {Status: Standards Track},
	keywords = {imported},
	timestamp = {2010-01-07T13:57:31.000+0100},
	title = {RFC 2616: Hypertext transfer protocol -- HTTP/1.1},
	url = {http://www.ietf.org/rfc/rfc2616.txt},
	year = 1999
}

@techreport{json,
	type = {Standard},
	key = {RFC 8259},
	year = {2017},
	title = {{The JavaScript Object Notation (JSON) Data Interchange Format}},
	institution = {Internet Engineering Task Force (IETF) }
}

@book{dfd,
	author = {DeMarco, Tom},
	title = {Structured Analysis and System Specification},
	year = {1979},
	isbn = {0138543801},
	publisher = {Prentice Hall PTR},
	address = {USA}
}

@ARTICLE{IEEEANSI830,
	author={},
	journal={IEEE Std 830-1998},
	title={IEEE Recommended Practice for Software Requirements Specifications},
	year={1998},
	volume={},
	number={},
	pages={1-40},
	keywords={formal specification;IEEE Std 830-1998;IEEE recommended practice;software requirements specification;software development;in-house software product selection;commercial software product selection;guidelines;standards compliance;IEEE/EIA Std 12207.1-1997;contracts;customers;prototyping;suppliers;system requirements specifications;Software requirements and specifications;contract;customer;prototyping;software requirements specification;supplier;system requirements specifications},
	doi={10.1109/IEEESTD.1998.88286},
	ISSN={null},
	month={Oct},}

@misc{rfc6101,
	series =	{Request for Comments},
	number =	6101,
	howpublished =	{RFC 6101},
	publisher =	{RFC Editor},
	doi =		{10.17487/RFC6101},
	url =		{https://rfc-editor.org/rfc/rfc6101.txt},
	author =	{Alan O. Freier and Philip Karlton and Paul C. Kocher},
	title =		{{The Secure Sockets Layer (SSL) Protocol Version 3.0}},
	pagetotal =	67,
	year =		2011,
	month =		aug,
	abstract =	{This document is published as a historical record of the SSL 3.0 protocol. The original Abstract follows. This document specifies version 3.0 of the Secure Sockets Layer (SSL 3.0) protocol, a security protocol that provides communications privacy over the Internet. The protocol allows client/server applications to communicate in a way that is designed to prevent eavesdropping, tampering, or message forgery. This document defines a Historic Document for the Internet community.},
}

@article{articleTesting,
	author = {Ehmer, Mohd and Khan, Farmeena},
	year = {2012},
	month = {06},
	pages = {},
	title = {A Comparative Study of White Box, Black Box and Grey Box Testing Techniques},
	volume = {3},
	journal = {International Journal of Advanced Computer Science and Applications},
	doi = {10.14569/IJACSA.2012.030603}
}



